<?xml version="1.0" encoding="UTF-8"?><collection xmlns="http://www.loc.gov/MARC21/slim"><record><leader>00390nam--2200133-i-4500</leader><controlfield tag="001">000010324</controlfield><controlfield tag="002">20161230</controlfield><controlfield tag="005">20161230201028</controlfield><controlfield tag="008">060222s1000------------r-----000-0-eng-d</controlfield><datafield ind1=" " ind2=" " tag="080"><subfield code="a">5</subfield></datafield><datafield ind1=" " ind2=" " tag="100"><subfield code="a">Boeke, Kees</subfield></datafield><datafield ind1=" " ind2=" " tag="245"><subfield code="a">Cosmic view. the universe in 40 jumps. with an introduction by arthur h.compton</subfield></datafield><datafield ind1=" " ind2=" " tag="260"><subfield code="a">New York, The John Day Company, 1957. 48 Pp. (Illustrations)</subfield></datafield><datafield ind1=" " ind2=" " tag="852"><subfield code="a">37493</subfield></datafield></record></collection>